<record><leader>00000cas a22000007a 4500</leader><controlfield tag="001">17465490</controlfield><controlfield tag="008">880212c19429999pauwr ne      0   a0eng d</controlfield><datafield ind1=" " ind2=" " tag="010"><subfield code="a">sn 88079098 </subfield></datafield><datafield ind1=" " ind2=" " tag="040"><subfield code="a">NPH</subfield><subfield code="b">eng</subfield><subfield code="c">NPH</subfield><subfield code="d">NSD</subfield><subfield code="d">OCLCQ</subfield></datafield><datafield ind1=" " ind2=" " tag="012"><subfield code="l">1</subfield></datafield><datafield ind1="0" ind2=" " tag="022"><subfield code="a">1944-7272</subfield><subfield code="l">1944-7272</subfield><subfield code="2">1</subfield></datafield><datafield ind1=" " ind2=" " tag="037"><subfield code="b">W. Halbfoerster, POB 39, Bath, PA 18014</subfield><subfield code="c">$15.60</subfield></datafield><datafield ind1=" " ind2=" " tag="042"><subfield code="a">msc</subfield><subfield code="a">nsdp</subfield></datafield><datafield ind1="1" ind2="0" tag="050"><subfield code="a">ISSN RECORD</subfield></datafield><datafield ind1="1" ind2="0" tag="082"><subfield code="a">071</subfield><subfield code="2">14</subfield></datafield><datafield ind1="0" ind2=" " tag="130"><subfield code="a">Home news (Bath, Pa.)</subfield></datafield><datafield ind1=" " ind2="4" tag="222"><subfield code="a">The home news</subfield><subfield code="b">(Bath, Pa.)</subfield></datafield><datafield ind1="1" ind2="4" tag="245"><subfield code="a">The home news.</subfield></datafield><datafield ind1=" " ind2=" " tag="260"><subfield code="a">Bath, Pa. :</subfield><subfield code="b">William Halbfoerster,</subfield><subfield code="c">1942-</subfield></datafield><datafield ind1=" " ind2=" " tag="300"><subfield code="a">v. :</subfield><subfield code="b">ill. ;</subfield><subfield code="c">38-45 cm.</subfield></datafield><datafield ind1=" " ind2=" " tag="310"><subfield code="a">Weekly</subfield></datafield><datafield ind1="0" ind2=" " tag="362"><subfield code="a">Vol. 1, no. 1 (Dec. 11, 1942)-</subfield></datafield><datafield ind1=" " ind2=" " tag="500"><subfield code="a">Title from caption.</subfield></datafield><datafield ind1=" " ind2=" " tag="500"><subfield code="a">Published: Home News LLC, &lt;2008-&gt;</subfield></datafield><datafield ind1=" " ind2=" " tag="588"><subfield code="a">Latest issue consulted: 65th year, no. 45 (Apr. 24-30, 2008).</subfield></datafield><datafield ind1="1" ind2=" " tag="700"><subfield code="a">Halbfoerster, William.</subfield></datafield><datafield ind1=" " ind2=" " tag="752"><subfield code="a">United States</subfield><subfield code="b">Pennsylvania</subfield><subfield code="c">Northampton</subfield><subfield code="d">Bath.</subfield></datafield><datafield ind1="1" ind2=" " tag="029"><subfield code="a">AU@</subfield><subfield code="b">000025787504</subfield></datafield></record>